@misc{smith,
 author = {Smith, Adam and Krueger, Alan B.},
 title = {The Wealth of Nations},
 year = {2003},
 isbn = {0553585975},
 publisher = {Bantam Classics},
} 
@Manual{Gapminder,
  title = {Gapminder},
  year = {2019},
  url = {https://www.gapminder.org/},
}
@Manual{lindia,
  title = {lindia: Automated Linear Regression Diagnostic},
  author = {Yeuk Yu Lee and Samuel Ventura},
  year = {2017},
  note = {R package version 0.9},
  url = {https://CRAN.R-project.org/package=lindia},
}
@misc{cran, 
  title={The Comprehensive R Archive Network}, 
  url={https://cran.r-project.org/}, 
  journal={The Comprehensive R Archive Network}
}
@Manual{R-knitr,
  title = {knitr: A General-Purpose Package for Dynamic Report Generation in R},
  author = {Yihui Xie},
  year = {2019},
  note = {R package version 1.23},
  url = {https://CRAN.R-project.org/package=knitr},
}
@Manual{R-rmarkdown,
  title = {rmarkdown: Dynamic Documents for R},
  author = {JJ Allaire and Yihui Xie and Jonathan McPherson and Javier Luraschi and Kevin Ushey and Aron Atkins and Hadley Wickham and Joe Cheng and Winston Chang and Richard Iannone},
  year = {2019},
  note = {R package version 1.13},
  url = {https://CRAN.R-project.org/package=rmarkdown},
}
@misc{grolemund_wickham, 
  title={R for Data Science}, 
  url={https://r4ds.had.co.nz/}, 
  journal={R for Data Science}, 
  author={Grolemund, Garrett and Wickham, Hadley}
}
@misc{teetor_long, 
  title={R Cookbook, 2nd Edition}, 
  url={http://www.cookbook-r.com/}, 
  author={Teetor, Paul and Long, JD}
}
@misc{rstudioblog, 
  title={tidyverse 1.0.0}, 
  url={https://blog.rstudio.com/2016/09/15/tidyverse-1-0-0/}, 
  journal={RStudio Blog}
}
@misc{dustysreference, 
  title={Tidyverse packages}, 
  url={https://www.tidyverse.org/packages/}, 
  journal={Tidyverse}
}
@misc{jdsreference, 
  title={Easily Install and Load the Tidyverse}, 
  url={https://tidyverse.tidyverse.org/}, 
  journal={Easily Install and Load the 'Tidyverse' â€¢ tidyverse}
}
@misc{gapminder, 
  title={Data}, url={https://www.gapminder.org/data/}, 
  journal={Gapminder}
}
@Manual{skimr,
    title = {skimr: Compact and Flexible Summaries of Data},
    author = {Michael Quinn and Amelia McNamara and Eduardo {Arino de la Rubia} and Hao Zhu and Shannon Ellis},
    year = {2019},
    note = {R package version 1.0.7},
    url = {https://CRAN.R-project.org/package=skimr},
}
@Manual{esquisse,
    title = {esquisse: Explore and Visualize Your Data Interactively},
    author = {Fanny Meyer and Victor Perrier},
    year = {2019},
    note = {R package version 0.2.2},
    url = {https://CRAN.R-project.org/package=esquisse},
}
@Manual{ggally,
    title = {GGally: Extension to 'ggplot2'},
    author = {Barret Schloerke and Jason Crowley and Di Cook and Francois Briatte and Moritz Marbach and Edwin Thoen and Amos Elberg and Joseph Larmarange},
    year = {2018},
    note = {R package version 1.4.0},
    url = {https://CRAN.R-project.org/package=GGally},
}